2722 4118
419 331 706 406 GREG‘ORH
738 334 881 403 PAPAE
910 331 974 403 'vn
1116 358 1160 419 57.

199 461 263 562 gni
282 464 433 540 nominis
444 464 630 564 Theologi
652 463 817 539 ambabus
832 461 961 662 >guod
983 460 1106 559 aiunt)
1124 460 1180 537 ul-

197 563 252 635 nis
273 561 350 638 sunt
371 564 532 665 amplexi.
570 565 770 637 Occurrere
795 582 842 662 po
866 577 932 635 unt
962 560 1064 660 cnjus
1086 559 1178 633 mul-

197 661 254 749 ti,
278 664 410 757 (verba
433 661 509 737 sunt
529 660 720 736 Parisrensrs
743 658 982 737 Chancellarii
1005 661 1040 733 in
1053 657 1178 735 Libel-

196 756 234 832 lo
257 760 299 834 de
311 760 466 835 Unitute
484 758 726 856 Ecclestnsticn
737 813 750 849 ,
775 757 1061 837 consideratione
1080 782 1117 832 x.
1130 759 1177 854 ⁰)

197 857 238 931 in
280 857 386 933 uibus
401 878 472 960 pro
489 859 674 961 adeptione
689 860 798 960 pacis
866 856 969 934 blicae
990 872 1059 931 nut
1067 856 1177 957 justu

199 953 242 1027 de
260 954 405 1052 erfionis
427 1010 440 1047 ‚
450 957 553 1052 ſscut
570 958 646 1034 vim
666 960 707 1033 vi
728 977 810 1060 repe
820 957 923 1033 -lendo
944 1008 956 1045 ‚
991 956 1117 1030 liceret
1150 968 1177 1030 c

196 1053 273 1146 rite
297 1056 403 1130 electo
435 1058 475 1132 in
495 1056 637 1158 Papam
659 1054 879 1156 subtrahere
905 1053 1174 1128 obedientiam:

194 1149 323 1228 liceret
357 1157 398 1230 in
419 1157 664 1232 neutralitate
688 1179 863 1230 monere:
901 1151 1029 1223 liceret
1063 1149 1178 1249 upfium

195 1253 433 1345 corporaliter
457 1256 710 1328 incarcerare:
737 1252 864 1324 liceret
879 1245 1081 1348 praetcnsns
1091 1247 1176 1346 sen-

195 1347 339 1420 tentias
349 1348 444 1446 strar
465 1349 730 1448 qualescumque
755 1372 821 1421 non
842 1347 971 1420 timere
992 1398 1003 1434 ‚
1040 1370 1101 1419 nec
1122 1347 1175 1419 ti-

193 1445 341 1521 mendus
361 1445 509 1546 offerere
532 1499 544 1536 ‚
557 1446 627 1546 sed
646 1447 810 1522 lncernre
834 1470 898 1524 ens
931 1441 981 1532 (J
1002 1444 1042 1517 in
1063 1458 1173 1544 caput

180 1540 292 1636 ficum
312 1559 413 1619 retor
436 1571 540 1620 uere:
567 1547 695 1620 liceret
716 1543 913 1619 Concilium
936 1541 1113 1617 Genernle
1134 1566 1175 1615 eo

191 1637 311 1718 invito
344 1644 414 1718 cele
458 1669 554 1719 ure:
593 1645 718 1719 liceret
751 1641 898 1719 tandm
929 1640 981 1716 od
1000 1639 1174 1740 ccfflonem

153 1767 155 1772 ·
190 1742 416 1841 compellere,
440 1744 502 1819 vel
519 1745 734 1819 renitentem
755 1742 908 1842 dejicere
928 1736 976 1815 ob
996 1739 1091 1814 omni
1111 1738 1172 1813 ho·

188 1859 273 1911 nore
296 1839 345 1928 (n
350 1842 496 1954 gradu,
519 1842 590 1916 imo
610 1841 754 1931 &vita
769 1841 936 1942 privare.
963 1841 1082 1934 Quam
1104 1838 1170 1912 do-

191 1931 338 2010 strinam
359 1937 422 2012 ille
443 1940 605 2038 deinceps
640 1942 677 2014 in
699 1942 778 2015 aliis
804 1937 1031 2021 Tractatibus
1056 1934 1170 2011 inoli-

189 2056 269 2107 care
288 2059 360 2108 non
377 2033 528 2111 destitit:
554 2055 592 2108 ut
614 2037 651 2109 in
662 2035 900 2136 Proposttione
914 2035 1171 2127 facturorum

188 2129 383 2242 Anglicir,
407 2131 696 2209 Consideratione
718 2159 769 2208 ιν.
792 2131 1012 2207 ΙηΤταᾶαῐιι
1033 2131 1075 2205 de
1089 2131 1170 2204 Au-

177 2226 412 2320 fercbilitnte
431 2230 544 2334 Pnpn
567 2286 579 2322 ,
614 2229 902 2309 Confideratione
923 2254 960 2309 x,
992 2231 1031 2306 in
1053 2228 1168 2306 Libro

186 2325 230 2401 dc
252 2326 345 2406 Wta
367 2330 571 2432 Spirituali
591 2334 722 2412 onimae
744 2386 757 2424 ‚
789 2330 961 2411 Leffione
982 2331 1042 2409 ΠΙ.
1067 2328 1107 2407 &
1127 2332 1167 2410 in

187 2422 244 2498 Re
267 2430 341 2500 ulis
364 2428 575 2506 Moralibus
587 2485 598 2520 ‚
623 2459 717 2508 num.
741 2457 817 2508 cnr.

193 2556 197 2581 .
314 2520 418 2592 VIII.
478 2525 617 2591 Interea
640 2531 701 2618 qui
724 2547 821 2594 erant
854 2555 876 2596 a
897 2531 1078 2619 Gregorio
1100 2527 1167 2614 (ut

184 2613 281 2692 nulla
304 2642 342 2692 re
362 2615 475 2718 magis
497 2631 592 2689 extra
614 2613 648 2690 se
658 2616 836 2714 rapiuntur
856 2616 1040 2706 homines,
1061 2641 1167 2719 quam

184 2740 265 2791 cum
283 2716 328 2792 de
341 2715 516 2818 religione
534 2732 668 2791 certant
685 2716 776 2790 inter
794 2712 854 2813 se)
877 2735 1061 2816 portenta,
1083 2742 1165 2818 pro·

183 2814 283 2918 digia
306 2869 317 2903 ‚
352 2813 517 2933 lignaque
541 2814 585 2890 de
607 2813 702 2891 coelo
723 2814 762 2890 in
784 2813 1001 2891 Caesarianos
1023 2817 1164 2893 terribi-

182 2912 235 2990 lia
254 2913 488 2989 comminisci:
513 2911 578 2989 fibi
594 2913 759 3015 prospera
775 2915 921 3005 omnia,
943 2914 1074 2991 Caelari
1086 2940 1163 2998 om.-

182 3013 245 3085 nia
267 3009 413 3094 infausta
434 3013 584 3099 ominari
608 3041 616 3086 :
643 3014 812 3116 Gregorii
833 3014 985 3091 fautores
1006 3014 1045 3088 in
1068 3013 1162 3105 coelo

183 3106 381 3187 collocare:
408 3107 798 3205 hostibin-infornmia,
822 3113 962 3204 clades,
983 3111 1161 3203 miserias,

179 3204 309 3286 subitas
331 3223 460 3293 mortes
482 3208 726 3386 ,1daemonu1n11
747 3216 945 3300 vexationes
965 3266 979 3306 ,
1012 3232 1167 3301 oetemoe

189 3349 194 3359 ·
1057 3337 1136 3392 cru·

186 3446 203 3487 a
219 3421 342 3491 Grnson
357 3424 455 3488 Tomo
463 3428 499 3489 11.
515 3378 579 3509 pag.
589 3446 652 3500 117·
661 3429 724 3490 edit.
732 3430 836 3509 Dupio
