2722 4118
252 352 294 408 aa
403 326 467 394 DE
500 330 698 401 ossula
731 331 797 397 nc
829 325 1086 399 scu-lema

231 473 307 532 tur:
330 455 454 545 urbes,
475 453 614 531 castella
626 457 671 534 ¹>vi
692 470 954 558 expugnantur,
976 459 1072 562 leges
1093 457 1214 549 rilem

231 579 326 630 arma
348 552 506 643 fervent,
531 580 635 630 omne
649 557 708 656 jus
730 559 767 633 in
789 557 919 632 viribus
942 557 999 633 est.
1026 559 1213 660 Qudquid

231 649 359 724 vistori
380 650 590 728 collibuillet
612 706 624 743 ,
650 653 760 730 viuus
776 656 941 756 patitur:
977 659 1131 759 virgines
1157 681 1212 731 ra·

226 751 392 847 piuntur,
417 752 522 826 liberi
547 777 568 826 a
589 754 772 852 complexu
792 773 972 854 parentum
993 754 1211 843 avelluntur,
1283 757 1285 760 ’

225 846 506 923 matresfamilias
525 853 561 924 vi
580 849 879 950 construprantur:
907 872 1021 943 terra,
1043 853 1186 931 flumina
1197 903 1212 941 ,

228 943 383 1022 humano
400 973 520 1023 cruore
538 948 730 1025 rubescunt.
756 950 941 1025 rinnon
960 974 1128 1030 numero
1147 956 1212 1050 (ut

225 1068 308 1120 curn
325 1047 432 1122 Poeta
453 1046 605 1148 loquar)
628 1071 775 1122 enuere*
794 1071 976 1124 sunum
995 1074 1212 1130 MALORUM.

228 1142 326 1220 Nem
356 1162 360 1167 '
388 1165 427 1219 ut
439 1144 557 1221 scribit
574 1145 775 1221 Willelmus
786 1146 1106 1223 Malmesburienfis
1126 1149 1210 1223 Lib.

225 1240 287 1320 111.
374 1243 491 1335 Gestis
512 1243 654 1345 Regum
675 1245 898 1345 Anglorum,
924 1264 940 1296 ‘⁸
977 1271 1056 1321 curn
1075 1246 1212 1323 Henri·

225 1368 285 1419 cus
308 1368 416 1445 neque
436 1343 596 1514 Z'gnavur
616 1369 634 1414 e
658 1358 719 1429 et,
741 1367 850 1443 neque
870 1344 1102 1432 ineruditus,
1118 1343 1211 1436 fato.

225 1441 379 1543 quodam
411 1466 435 1515 a
483 1438 644 1515 omnibus
669 1442 728 1515 ita
754 1442 1033 1541 impetebatur,
1064 1459 1209 1518 utrem

224 1539 416 1641 religionis
450 1554 621 1614 tractare
632 1537 710 1634 sthi
730 1541 950 1629 videretur,
986 1541 1148 1644 quisquis
1168 1541 1208 1615 in

225 1638 332 1713 illum
353 1663 460 1713 arma
531 1638 708 1712 educeret.
1201 1687 1203 1691 ν

275 1735 428 1808 XXXV.
519 1761 576 1811 am
601 1735 753 1810 Saxones
765 1786 777 1823 ,
801 1763 843 1812 ac
853 1736 1034 1836 Thuringi
1046 1777 1058 1825 9
1083 1736 1208 1837 quibus

223 1857 298 1908 non
318 1833 432 1904 minus
454 1829 564 1903 invisa
586 1857 690 1930 quarn
711 1831 941 1908 formidolosa
963 1853 1038 1909 erat
1059 1834 1208 1908 Caesaris

221 1930 404 2032 potentia,
426 1927 597 2004 aCaesare
617 1927 738 2029 soepius
761 1930 942 2007 rebellant.
966 1931 1035 2006 His
1056 1930 1125 2007 sese
1146 1931 1209 2006 de-

223 2028 523 2130 inde'adjungunt
544 2026 755 2128 Rodulphus
777 2029 969 2120 Suevonrm
989 2029 1028 2106 &
1048 2031 1118 2105 Bur
1190 2070 1208 2091 -

188 2222 190 2227 A
222 2130 349 2207 dorum
374 2130 488 2216 Dux,
524 2127 637 2228 Hugo
668 2127 857 2218 Alfenus,
891 2128 1100 2204 Bertholdus
1185 2150 1209 2203 x

224 2227 446 2313 Carinthiae,
470 2226 628 2326 Welpho
648 2227 730 2301 Dux
751 2228 907 2301 Bavariae
918 2278 930 2315 ‚
952 2226 1120 2326 multique
1142 2226 1206 2302 alii

220 2325 400 2420 Principes
425 2322 664 2420 &Episcopi
701 2322 836 2399 Omnes
861 2325 1037 2398 communi
1059 2321 1207 2398 confilio

220 2422 266 2497 de
287 2445 384 2495 novo
404 2417 618 2518 designando
638 2421 742 2519 Rege
763 2421 981 2509 deliberant:
1004 2421 1206 2496 Romanum

219 2520 429 2602 Pontificem·
447 2517 484 2589 in
507 2515 582 2590 suas
603 2535 716 2629 partes
738 2517 899 2591 trahunt:
922 2518 1015 2615 apud
1037 2539 1116 2588 eum
1137 2517 1207 2591 cri-

219 2617 371 2700 minibus
394 2611 637 2690 &rnalediihs
660 2612 835 2689 Caelarem
856 2632 1013 2688 onerant.
1040 2614 1124 2706 Qua
1145 2634 1207 2688 ve*

217 2743 260 2793 ro
285 2713 323 2786 id
346 2712 414 2788 fide
439 2710 692 2812 prestiterim,
728 2711 810 2784 audi
831 2709 1106 2784 candidillnnum
1129 2710 1203 2810 ejus

215 2815 287 2892 aevi
309 2810 521 2984 scriptorem
546 2809 591 2883 de
613 2810 698 2882 Vita
719 2806 868 2882 Henrici
891 2807 955 2881 IV.
980 2812 994 2856 l
1029 2805 1204 2884 Videntes

94 2969 101 2982 -
219 2912 353 3018 Regem
400 2911 489 2991 ellir¹
502 2905 747 3019 tangitpoffe9
782 2930 849 2979 non
870 2904 1010 3003 dejici:
1047 2908 1202 2997 vexari,

216 3038 284 3086 non
293 3009 491 3110 superari:
517 3022 560 3080 ut
581 3028 682 3078 utres
707 3029 786 3104 ejus
810 3019 1072 3092 extentionem,
1098 3005 1203 3101 confi-
1339 3013 1341 3019 ’

218 3111 292 3186 ctis
324 3097 602 3205 consumptisque
623 3102 736 3204 super
767 3126 805 3175 eo
838 3100 1085 3192 criminibus,
1121 3125 1204 3296 qyae

387 3218 390 3224 .
423 3217 429 3227 .
455 3222 458 3229 ,
937 3236 944 3250 ι
1098 3217 1146 3300 pe
1159 3239 1176 3256 ·
1224 3233 1229 3247 ⁸

226 3351 293 3390 ·a
319 3338 512 3399 Munnsaun.
537 3318 601 3420 pag'.
627 3351 690 3412 105.
770 3334 1070 3418 bRsrnnc.pag.n.
1150 3337 1153 3343 '

218 3410 338 3511 Fanni
360 3421 456 3501 1601„
