2722 4118
320 354 325 363 '
407 349 999 414 GR·EGOR11PAPAEV11·‘
1116 368 1151 425 53

105 509 109 517 ·
185 472 409 574 chiepiscopo
441 470 710 574 Moguntinenfi
744 471 782 546 &
806 472 990 548 Friderico
1017 469 1171 547 Coloni-

185 571 265 646 ensi.
303 572 451 647 Sansius
471 574 625 662 B1uno‚
658 574 835 672 inquam,
873 572 968 671 cujus
1003 568 1175 671 insignem

183 669 223 745 in
246 671 364 746 Deum
386 673 558 772 pietatem
588 670 798 772 effiisamque
831 673 868 745 in
890 694 1057 842 pauperes
1083 669 1176 746 libe·

184 768 362 845 ralitatem
385 796 465 845 cum
488 769 674 846 illustribus
697 772 866 845 encomiis
890 769 964 845 cele
990 767 1092 844 raffet
1114 795 1178 845 an·
1203 827 1207 835 .

184 869 301 970 tiquus
326 868 665 970 ScriptorHistoriae
675 868 895 945 Trevirenfis
920 868 1013 970 apud
1033 868 1178 944 Dache·

184 968 276 1042 rium
299 969 336 1042 in
357 968 548 1073 «spicilegio
570 969 743 1046 Veterum
765 967 1105 1058 Monumentorum3
1131 969 1178 1043 de

186 1065 311 1142 eodem
332 1067 421 1143 iliud
453 1069 491 1142 in
514 1066 734 1170 sequentibus
760 1067 976 1155 adnotavit,
1001 1067 1097 1164 quod
1121 1092 1178 1142 ar·

183 1182 386 1266 giunentum
416 1167 568 1243 nostrum
601 1170 748 1245 mirifice
782 1166 962 1239 illustrat:
993 1180 1009 1212 ⁰
1053 1164 1181 1238 Tanta

184 1274 264 1337 cam
274 1265 430 1360 solertia
460 1292 504 1340 ac
517 1267 708 1362 sapientia
741 1261 788 1336 ab
810 1262 882 1362 ipsto
903 1281 991 1339 acta
1014 1288 1075 1338 res
1096 1289 1115 1336 e
1133 1264 1173 1353 t,

184 1377 233 1435 nt.
252 1386 331 1434 cum
352 1362 392 1436 in
413 1360 538 1436 diebus
559 1363 640 1435 illis
660 1362 703 1436 de
724 1361 1006 1438 contradictione
1026 1361 1174 1461 Episco-

179 1476 310 1558 porum
347 1461 448 1534 inter
471 1459 723 1537 Sacerdotium
757 1458 806 1549 (φ
826 1461 1023 1561 Imperium
1048 1485 1177 1562 agere·

181 1573 254 1632 tur
275 1610 287 1646 ,
321 1581 392 1633 oua
412 1556 730 1636 Caunoucouom
753 1580 974 1636 AMPLEXUS
997 1583 1062 1638 stu
1084 1581 1204 1634 cour-¹

186 1678 387 1746 connum,
413 1666 476 1733 uo·
494 1658 762 1737 Inrnnanozu
782 1681 972 1737 naamon
995 1681 1085 1737 non
1103 1680 1178 1735 on-

187 1778 387 1839 NEGARET
411 1780 643 1849 anonumum.

261 1855 429 1972 Denique
453 1857 489 1933 S.
511 1857 635 1934 Benno
658 1857 853 1961 Episcopus
878 1858 1182 1961 Osnaburgensis,

185 1979 247 2124 gun
281 1975 319 2028 ut
340 1981 378 2028 m
400 1982 473 2054 ejus
494 1957 568 2030 vita
601 1984 621 2032 a
645 1959 693 2032 ud
716 1959 915 2034 Eccardum
937 1978 1057 2035 narrat
1090 1956 1183 2059 ejus-

213 2076 269 2126 em
301 2056 411 2126 aetatis
448 2052 606 2153 Scriptor
667 2056 825 2132 orbertus
858 2054 982 2130 Abbas
1007 2057 1185 2156 iburgen-

186 2147 264 2239 ἦς’,
290 2175 365 2252 cap.
388 2175 480 2226 xxu.
519 2157 536 2221 1².
573 2150 710 2229 Videas
731 2154 772 2228 in
792 2168 950 2254 utroque
966 2169 1081 2252 parte
1096 2154 1185 2253 plu-

186 2250 285 2325 rima
308 2252 429 2353 magis
452 2250 531 2327 odio
552 2250 661 2354 qudm
673 2253 818 2330 ratione
832 2253 1024 2342 tractari,
1045 2251 1182 2342 &Re-

180 2351 227 2450 gi
236 2351 383 2450 semper
392 2350 501 2445 fidus
523 2405 536 2442 ‚
561 2377 757 2455 numquam
781 2368 905 2428 autern
925 2352 1039 2454 Papa
1062 2352 1184 2430 inobe-

188 2447 291 2520 diens
312 2448 373 2542 effe
394 2449 598 2542 dedderans
610 2479 622 2542 3
640 2454 827 2550 praeclara
841 2452 953 2543 felici
976 2478 1020 2526 ne
1036 2453 1184 2550 prospe-
1203 2508 1204 2513 ,

187 2541 310 2616 ritate
344 2543 405 2612 uel
428 2547 543 2611 animi
570 2549 811 2636 prudentias,
846 2481 1034 2639 utriusaue
1065 2546 1125 2617 Pa
1149 2567 1181 2619 ae

190 2633 491 2740 (quodprofl’cto
508 2636 706 2739 perpaucis
731 2661 773 2710 ea
795 2638 1006 2736 tempettate
1020 2639 1110 2739 poffl
1129 2643 1183 2717 ile

179 2735 293 2836 fuit)
317 2736 488 2812 amicitia
510 2734 594 2836 ustas
617 2788 629 2824 ‚
665 2733 823 2838 Regiam
872 2760 983 2836 noque
1005 2741 1181 2839 nosram

188 2835 401 2913 incurrebat
431 2834 605 2936 offensam.
643 2834 766 2937 Itaque
798 2762 1018 2912 &ilenrico
1042 2767 1183 2916 ostem-

188 2961 312 3038 perans
333 2934 455 3011 Benno
480 2938 518 3010 in
541 2933 743 3036 Papiensem
763 2934 943 3038 Synodiun
964 2987 976 3023 ‚
1001 2934 1063 3008 ubi
1087 2938 1203 3013 Gre-.

191 3036 296 3134 gorio
315 3031 521 3132 subrogatus
543 3034 591 3122 est
614 3034 827 3126 Guiberuu‚
854 3061 933 3112 cum
948 3035 1071 3119 ceteris
1094 3040 1183 3117 cona,

199 3164 204 3171 ·
998 3180 1000 3185 Δ
1093 3161 1184 3212 ue·-

244 3314 262 3351 o
287 3291 407 3371 Spiciicg.
426 3289 520 3350 Tom.
537 3292 584 3351 ιῐ.Ι
599 3310 660 3372 pag.
740 3292 756 3348 b
789 3294 857 3354 Vita
880 3298 1012 3356 Banuon.
1034 3291 1105 3368 apud
1123 3254 1178 3350 Ecss

191 3374 354 3523 ἷζξὲζηονεε
373 3370 497 3454 editionis
514 3371 662 3497 Patisieulis
698 3385 788 3524 2:13>
808 3375 895 3458 Toou
911 3373 945 3433 11.
963 3389 1028 3456 pag.
1043 3375 1127 3449 2178.
1146 3374 1178 3438 ἃ
