2722 4118
628 352 735 451 (9)

174 469 301 564 factis
323 468 407 571 ipsts
427 469 485 567 stt
506 471 759 570 consecutum,
794 491 958 571 quanam
989 469 1071 545 iude
1090 473 1170 566 flue

182 614 307 667 rerum
326 589 407 686 stoc
428 589 606 666 homiuum
630 592 850 666 mutationes
876 608 966 665 orte
992 592 1171 667 adcurate

177 711 418 811 perpendunt.
455 711 545 787 Hac
566 727 690 786 autem
715 712 791 785 rite
817 711 992 810 prestare
1025 737 1091 787 nou
1110 729 1174 810 po·

184 832 250 926 test
262 883 273 919 ,
299 830 364 926 nist
385 833 449 932 qui
471 830 633 932 iudefefflo
655 831 777 906 labore
799 833 998 907 veritatem
1023 857 1068 905 cx
1089 831 1174 930 ipsts

175 949 348 1043 fhntibus
382 951 574 1041 hauriat,
610 955 766 1055 antiqua
779 953 926 1054 scilicet
948 969 1173 1028 monumenta

178 1070 453 1169 perlustrando,
479 1070 614 1147 Libros
625 1073 813 1176 squallore
835 1073 1174 1167 &sttuobsttoseoo

184 1193 382 1283 caticum,
408 1193 627 1293 Syuchrouos
652 1196 861 1289 Scriptores
887 1190 1082 1281 adeundo,
1106 1190 1174 1290 eos-

185 1314 264 1386 dem
285 1315 384 1384 iuter
395 1315 439 1408 se
461 1311 678 1400 conferendo.
1122 1312 1125 1317 '
1224 1400 1229 1414 ⁸

300 1431 348 1505 Id
364 1456 448 1504 vero
473 1451 545 1532 qua
566 1452 628 1529 ego
636 1427 717 1523 fide
739 1455 785 1506 ae
794 1432 990 1534 diligentia
1000 1430 1074 1528 fim
1095 1456 1175 1505 cuc·

184 1566 295 1626 cutus
318 1603 329 1639 ‚
355 1550 411 1624 Tu
432 1550 564 1627 harum
586 1575 710 1625 rerum
731 1603 744 1639 ,
756 1550 796 1645 su
820 1556 1055 1653 quisalius,
1074 1552 1177 1652 peri·

184 1671 222 1744 ti
244 1694 338 1745 rmus
359 1671 689 1774 acstudicfifflmus‚
721 1674 854 1773 optime
860 1672 1037 1774 judicare
1049 1690 1156 1775 potes
1164 1728 1180 1766 ‚

184 1786 693 1871 EXCELLENTISSIME
719 1792 927 1871 COMES:
954 1822 979 1873 a
1002 1820 1069 1899 quo
1087 1813 1176 1894 pro-

176 1912 266 1986 ·iude
274 1913 315 2008 st
335 1915 410 1990 hac
432 1915 656 2017 Differtatio
677 1916 883 2016 adprobata
901 1916 1030 2008 fuerit
1051 1969 1064 2006 ‚
1098 1913 1178 1989 uul-

184 2033 259 2107 lius
281 2057 342 2132 ego
364 2036 531 2134 ccufiuras
554 2089 565 2125 ‚
602 2042 740 2116 nullius
761 2037 1041 2139 repreheufuoues
1075 2033 1177 2110 debeo

177 2155 442 2253 pertimescere.
478 2158 586 2233 Nam
611 2159 786 2260 Gregorii
809 2155 891 2233 VH
913 2182 993 2232 cum
1017 2153 1177 2243 Heurico

177 2268 584 2381 'IVpertiuaciffimam
616 2305 661 2355 ac
674 2272 947 2378 fuuestiffimam
971 2293 1179 2352 controuer-

169 2394 269 2490 suom
290 2399 560 2498 descripturus,
582 2427 648 2476 uon
670 2401 917 2502 egoBarouii,
938 2420 1005 2474 uon
1017 2396 1177 2472 Gretze-

184 2515 247 2595 ri,
269 2539 334 2580 non
344 2518 500 2587 Romani
511 2520 727 2601 Brevitati,
750 2544 816 2589 uou
837 2518 997 2608 alicujus
1008 2509 1179 2603 junioris

184 2626 392 2728 Scriptoris
399 2626 481 2722 fide
502 2627 643 2702 omniuo
650 2626 743 2720 steti
766 2655 774 2698 :
800 2627 872 2725 sed
890 2651 1010 2703 eorum
1032 2624 1097 2728 qui
1106 2621 1179 2724 sub

185 2749 258 2849 ipstr
284 2746 459 2849 Gregorii
483 2748 741 2843 Pontificum,
778 2748 840 2823 uel
851 2751 1028 2849 promunc-
1031 2747 1177 2847 secutis
1275 2744 1279 2751 ’

187 2867 408 2967 temporibus
417 2869 581 2970 floruere
602 2924 615 2960 ,
640 2868 832 2946 Historias
866 2869 915 2958 ἐφ
935 2871 1100 2946 Annales
1120 2868 1177 2940 ac·-

186 2987 344 3088 ligcnter
370 2994 661 3088 perscrutatus,
684 2991 742 3088 stc
774 3014 888 3064 meam
924 2988 1176 3063 narrationem

188 3105 361 3200 institui,
384 3109 442 3205 stc
461 3113 647 3212 judicium
664 3109 867 3214 interposui
889 3136 901 3201 3
937 3127 981 3186 ut
1012 3132 1091 3184 cum
1111 3130 1172 3180 res

188 3227 287 3328 ipsas
308 3256 374 3305 uon
395 3230 462 3327 nist
484 3230 529 3309 ecc
536 3232 617 3328 fide
632 3226 959 3335 probatifflmorum
971 3231 1173 3309 Arctorum

189 3351 381 3455 retuliffem
401 3407 414 3448 ,
449 3352 514 3431 ubi
536 3355 590 3433 ad
608 3355 838 3434 enarrandas
859 3355 988 3459 causas
1011 3353 1060 3444 ir
1074 3374 1174 3460 pra-

179 3500 182 3505 ·
1068 3494 1152 3552 teuc*

988 3625 993 3632 ’
1107 3694 1305 3870 Ν
