2722 4118
281 333 322 359 '¹
384 337 696 420 'onacoun
729 346 872 414 orta
903 350 965 418 vu
1104 354 1142 409 σι

127 531 132 570 3
183 473 476 577 illustrisstnrisque
497 473 673 552 miraculis
696 472 881 550 coruscasse
917 472 988 573 ejus
1011 471 1165 547 fautores

182 574 443 674 gloriabantur:
467 573 506 647 id·
541 575 611 649 uod
633 599 675 648 ex
684 571 849 649 Udalrici
871 567 1165 670 Babenbergensrs

182 672 306 749 codice
327 673 459 749 discere
477 597 624 748 redares
643 671 801 775 possunt,
825 671 933 746 Num.
947 694 1100 744 cuxxtn.
1123 687 1140 721 ⁰

243 773 286 846 L.
348 772 548 874 Antequam
573 772 618 845 ad
640 772 710 848 alia
759 770 1034 873 rogrediamur,
1062 770 1165 870 juvat

183 869 243 945 hic
277 872 473 948 eliaronio
495 869 689 947 describere
737 870 908 946 onnulam
936 868 1167 970 jurisjurandi

183 993 309 1044 anovo
330 971 433 1071 Rege
456 969 631 1062 faciendi,
656 995 761 1073 quam
781 968 826 1043 ad
838 971 1032 1046 Germanos
1055 966 1166 1044 trans-

80 1112 83 1117 ·
176 1064 278 1143 »nrisrt
299 1069 502 1170 Gregorius.
1155 1124 1160 1135 .

117 1161 121 1171 ⁴
186 1204 191 1211 ·
233 1166 355 1262 “Ab
377 1168 445 1243 bac
477 1169 567 1244 hora
603 1167 837 1264 &deinceps
856 1163 987 1258 fidelis
1017 1188 1076 1238 era
1100 1182 1172 1263 per

182 1281 323 1339 rectam
336 1266 452 1357 fldem
470 1269 514 1340 Β.
537 1267 650 1339 Petro
672 1262 837 1362 Apollolo
848 1316 863 1353 ‚
882 1262 1029 1362 ejusque
1056 1259 1096 1337 V
1090 1268 1169 1338 ica-

57 1385 60 1392 ·
183 1361 242 1438 rio
264 1363 307 1436 Β.
330 1361 506 1466 Gregorio
530 1412 542 1448 ,
568 1362 631 1474 qui
653 1384 743 1444 nunc
768 1360 807 1434 in
828 1386 937 1437 carne
956 1361 1057 1436 vivit
1081 1389 1089 1432 z
1119 1359 1168 1448 &-

208 1458 343 1534 uodcun
366 1485 409 1533 ue
422 1460 502 1559 ipe
524 1459 615 1533 mebi
657 1480 747 1534 erae
770 1461 845 1534 erit
857 1457 1000 1558 sabbis
1021 1456 1146 1534 verbis
1157 1510 1171 1547 ,

183 1484 294 1632 bER
325 1485 395 1633 sb*
553 1478 722 1672 onbffl
757 1555 974 1645 NTJAM,
997 1555 1172 1669 fideliter

169 1653 274 1752 ficut
293 1673 432 1757 oportet
455 1655 699 1752 Christianum
719 1653 917 1755 observabo.
942 1653 1004 1730 De
1024 1655 1173 1730 ordona-

102 1846 105 1851 ,
184 1756 281 1830 tione
313 1781 397 1832 vero
418 1753 660 1856 Ecalafiarum
694 1753 744 1843 (u
765 1755 808 1830 de
828 1755 947 1829 terris
979 1754 1042 1830 vel
1071 1754 1172 1854 consto

183 1877 264 1959 quae
296 1853 555 1930 Constantinus
577 1854 784 1955 Imperator
818 1854 881 1930 vel
900 1850 1055 1928 Carolus
1080 1853 1173 1926 San-

184 1969 242 2027 cto
265 1953 377 2028 Petro
399 1953 599 2042 dederunt,
627 1950 901 2039 &aaronitas
923 1949 1093 2046 Ecalefiir
1116 1949 1179 2024 vel

178 2049 339 2150 praediis
351 2101 364 2137 ,
389 2071 468 2149 quae
491 2051 529 2124 A
552 2051 702 2124 ollolicae
725 2049 810 2122 Sodi
840 2046 887 2122 ab
908 2046 1095 2147 aliquibus
1117 2048 1176 2122 vi-

166 2148 244 2222 ria
280 2148 342 2223 vel
358 2148 506 2225 mulieri
529 2174 573 2224 us
606 2147 728 2247 aliquo
753 2144 1015 2336 temporesunt
1050 2142 1176 2218 oblata

184 2247 248 2322 vel
267 2245 415 2361 eonoelfi
439 2300 451 2336 ‚
477 2246 528 2336 (φ
549 2248 589 2321 in
610 2269 687 2320 mea
702 2243 803 2346 stant
829 2244 897 2319 vel.
929 2243 1052 2320 uerint
1072 2259 1176 2344 pate:

157 2345 306 2439 ‘islam
331 2363 392 2422 tta
415 2348 621 2424 conveniam
645 2370 724 2424 com
745 2343 852 2446 Papa
876 2396 887 2433 ‚
912 2359 957 2419 ut
972 2345 1177 2445 periculum

174 2444 371 2539 fiecrilegii
407 2447 456 2532 do
512 2448 725 2521 erditionem
758 2445 889 2522 animae
911 2467 996 2518 meae
1030 2469 1096 2517 non
1118 2444 1177 2513 in-

186 2557 368 2611 curram:
408 2540 457 2622 &⁵
521 2562 558 2604 eo
580 2541 780 2627 Sancteque
801 2539 914 2605 Petro
937 2583 949 2618 ,
974 2536 1175 2642 aalj‘uvante

186 2632 357 2720 Christo,
382 2630 530 2734 dignum
551 2628 712 2703 bonorem
739 2623 790 2711 (φ
811 2626 1020 2702 utilitatem
1041 2651 1091 2702 am
1114 2655 1174 2705 en·

185 2734 282 2810 darn.
315 2731 373 2809 Et
394 2758 431 2808 eo
454 2730 513 2805 alie
537 2726 677 2830 quando
699 2725 804 2801 illum
819 2724 1002 2825 primitus
1026 2728 1066 2803 oi
1089 2753 1174 2820 ero,

187 2854 417 2908 renuerem<
449 2852 533 2906 PER
565 2848 707 2904 Mauro
740 2847 852 2901 Mune
883 2845 1012 2902 Mtous
1040 2825 1174 2913 Saura

187 2931 324 3007 Portu
346 2952 402 3002 ΕΤ
423 2952 554 3006 tauros
576 2946 778 3002 uaricum.

187 3072 216 3102 -,
249 3027 312 3100 LI.
374 3025 464 3100 Tali
480 3092 483 3097 ,
497 3052 583 3104 vero
615 3023 833 3101 sacramento
857 3023 961 3125 Papae
993 3021 1176 3101 obstridius

189 3123 338 3216 Caesar,
363 3124 451 3226 quid
475 3127 606 3219 aliud,
630 3121 780 3226 quaeso,
805 3124 1047 3216 reddebatur,
1072 3123 1138 3298 gui

213 3266 220 3277 .
1109 3248 1149 3300 a„

200 3381 246 3424 ,a
272 3363 421 3430 Uariam.
439 3362 571 3427 Eccaaor
595 3366 658 3438 Το-
736 3363 753 3418 b
787 3361 904 3429 Batou..
922 3381 967 3427 an.
989 3361 1072 3424 1081.
1093 3377 1175 3424 numi

191 3443 431 3525 m011.pag.194.
699 3441 755 3506 ΧΗ

1041 3644 1307 3872 ,A
