2722 4118
208 369 228 424 e
356 361 420 424 ne
452 360 650 424 cosses
681 356 747 425 'sc
780 359 1036 458 semem

243 482 327 560 VII.
379 479 467 556 Hac
492 484 609 557 artenia
644 499 688 556 ut
710 489 923 562 accuratius
948 480 1172 588 intelligar-⁸.

183 599 270 669 tur,
295 578 445 668 &unde
467 598 523 655 tot
545 583 720 655 malorum
743 585 792 672 dp
804 585 1040 686 schismatum
1061 587 1172 687 origo-

182 677 431 767 inchoaverit,
453 705 491 753 co
515 679 681 777 noscatur
692 707 704 771 3
726 707 845 757 corum
867 699 1064 782 temporum
1084 707 1164 757 con-

171 776 400 874 suetudinem
422 705 582 869 raldum
606 829 617 866 ,
654 779 795 882 ejusque
812 782 1018 882 primordia
1037 782 1163 881 paullo

182 875 304 950 altius
326 891 498 974 repetam.
1151 933 1156 941 .

268 972 371 1047 Erat
404 989 482 1046 tum
506 974 710 1072 confirmado
744 1002 768 1050 a
790 975 1010 1078 temporibus
1036 976 1162 1051 Caroli

182 1069 319 1183 Magni
342 1071 603 1170 Imperatoris,
625 1089 670 1147 ut
680 1075 838 1173 alicujus
859 1074 986 1163 urbis,
1008 1076 1070 1150 vel
1086 1073 1165 1148 Aba

182 1167 304 1244 batua.
317 1166 484 1268 Episcopo
506 1221 518 1256 ,
553 1187 622 1245 aut
644 1170 788 1246 Abbatc
810 1171 966 1247 mortuis
988 1224 999 1260 ,
1034 1172 1174 1245 statim.
1250 1225 1262 1271 ·.

184 1266 337 1353 Clarus,
361 1266 423 1340 vel
441 1266 615 1342 Monacbi
639 1269 678 1342 in
699 1294 808 1349 unum
829 1270 1060 1372 congregati,
1093 1267 1164 1342 Le-

178 1379 291 1464 gatos
312 1363 364 1437 ad
383 1362 664 1463 Imperatorem,
689 1369 753 1467 qui
778 1383 863 1443 tunc
887 1385 995 1456 erat,
1028 1366 1163 1465 dirige-

183 1478 268 1535 rent
290 1514 301 1550 ,
326 1460 378 1537 ad
398 1485 500 1563 quem
521 1460 684 1554 defuncti
706 1465 867 1540 Pralati
884 1465 1015 1563 pedum
1034 1464 1168 1538 Ponet.

172 1558 322 1652 ficale,
359 1559 410 1648 ὼ
430 1562 600 1636 annulum
622 1558 823 1652 deferentes
847 1615 857 1649 ,
892 1587 971 1635 cum
987 1583 1057 1663 pro
1079 1586 1170 1635 novo·

184 1657 361 1750 Antssite
382 1658 561 1759 deligendo
586 1661 721 1734 nomine
733 1660 798 1758 fisi
819 1659 971 1760 Collegii
993 1659 1164 1757 interpel-

185 1754 325 1829 labant.
356 1755 439 1854 Qui
463 1756 590 1829 §latim
611 1757 751 1831 Senatu.
760 1757 829 1855 fito
851 1782 976 1858 congre
1000 1772 1085 1841 ato,
1119 1779 1164 1828 ex
1196 1816 1198 1820 .

185 1850 293 1951 ipstus
319 1855 528 2024 plcrnmpuc
539 1853 726 1951 sententia
749 1904 761 1942 ,
796 1878 904 1929 unum
923 1782 1000 1928 vel
1014 1878 1060 1928 en
1079 1850 1174 1952 ipsts·

187 1951 346 2051 collegits
369 2002 380 2039 ,
412 1978 457 2026 vc
491 1975 536 2025 en
558 1952 721 2042 amicis,
749 1950 798 2040 (φ
819 1951 1052 2052 Capellanis,
1073 1967 1164 2026 cete·
1268 1952 1273 1960 ’

186 2048 313 2161 risque
337 2049 530 2145 domesticis
564 2048 888 2144 &familiaribus
901 2051 987 2149 suis
1010 2103 1021 2138 ,
1045 2050 1173 2149 juxta.

186 2147 254 2222 locs
278 2147 498 2250 dignitatem
519 2201 531 2238 ,
557 2166 601 2224 nt
622 2150 656 2224 ei
678 2149 825 2226 libitam
846 2165 954 2237 erat,
973 2167 1042 2247 pro
1064 2145 1166 2221 arbi·

187 2245 263 2317 trio
296 2249 376 2417 ase
399 2250 551 2322 electum
583 2250 747 2334 annulo,
784 2247 833 2335 dr
853 2248 916 2322 vir
940 2271 964 2321 a
983 2245 1171 2417 ‘pasiano‘-

186 2341 217 2414 li
241 2341 327 2416 Pra
342 2345 404 2417 ati
433 2342 601 2434 defuncti,
621 2345 672 2419 ad
680 2344 725 2442 st
745 2271 959 2442 transmisps
1026 2340 1141 2415 nabat
1152 2346 1174 2430 ·,s

186 2462 332 2612 eunzlquc
355 2441 410 2516 >de
431 2441 727 2517 ilonacerdotio
760 2443 954 2541 diplomate
968 2441 1044 2540 suo,
1057 2439 1175 2537 impe-¹

190 2538 254 2612 ria
269 2558 285 2611 t
303 2540 379 2633 (ut
400 2555 480 2612 tum
502 2538 720 2635 dicebatur)
746 2539 979 2623 investitum,
1004 2536 1067 2608 bac
1091 2533 1169 2623 est,

189 2634 259 2708 illa
283 2634 467 2734 dignitate
490 2634 691 2722 donatum,
709 2634 749 2708 in
758 2633 989 2802 Eptscopum,
1012 2633 1074 2706 vel
1091 2631 1170 2706 Ab·

188 2727 310 2804 batem
331 2731 528 2829 corasccrari
549 2729 771 2817 mandabat,
793 2757 817 2804 a
830 2730 921 2830 sque
942 2732 1023 2805 alia
1043 2728 1145 2805 Cleri
1154 2765 1175 2820 ,·

190 2825 242 2914 ds
263 2825 522 2906 Monasbornm
543 2828 720 2905 electione.
745 2825 823 2902 Hoc
844 2842 968 2902 autem
983 2847 1052 2928 per
1076 2827 1169 2903 Gal·

188 2927 303 3015 liam,
331 2924 590 3013 Germaniam,
613 2924 663 3011 &³
684 2924 962 3024 Italiamque
984 2942 1069 3002 tunc
1091 2925 1172 3001 La-'
1271 3002 1273 3007 .

188 3026 292 3103 tinus
299 3023 418 3101 Orbis
440 3021 669 3123 censebatur,
690 3023 861 3124 usurpari
883 3049 957 3122 mos
975 3042 1071 3101 erat.
1097 3023 1175 3102 Cu·.

178 3123 257 3223 sas,
271 3124 465 3224 exemplum
490 3123 603 3205 ceteri
625 3147 759 3223 quoquc
778 3120 836 3197 Re
859 3149 897 3197 es
921 3176 933 3213 ,
969 3140 1013 3198 ut
1034 3122 1168 3221 Hispa·

51 3252 53 3257 ·
166 3223 283 3310 uia,
309 3221 552 3310 Francorum,
574 3219 800 3324 ilungariae',
827 3147 876 3315 ἔγ
897 3219 1063 3322 ejusmodi
1083 3220 1173 3297 imi-¹

193 3321 273 3394 tati
284 3320 385 3416 ficut.
1036 3415 1099 3495 Ha

254 3478 256 3482 ,
862 3484 865 3489 .
912 3476 914 3481 .
1100 3440 1143 3494 nt
1163 3478 1176 3497 ..
