2722 4118
616 318 749 416 (10)

192 445 320 517 textus
340 455 486 514 ventum
507 438 575 533 est,
598 464 664 514 uon
685 439 765 515 alia
779 438 1043 539 propofiuerim,
1068 463 1180 541 quam

193 583 271 663 qua
306 584 351 632 ex
382 558 488 633 relus
520 558 604 658 ipsts
635 561 865 634 naturaliter
902 559 951 647 ἐν*
982 559 1082 660 quast
1101 560 1176 660 sua

180 679 309 778 sponte
341 678 552 779 defluebant.
601 679 644 752 Iu
666 705 732 781 quo
753 678 874 753 ducem
899 680 990 755 mibi
1005 697 1178 780 perpetuo

191 797 341 896 adfuiffe
363 824 429 873 uon
451 799 620 898 difflmula
633 799 861 899 Ouupbrium
872 800 1094 876 Panvinium
1105 799 1148 875 V
1143 825 1180 874 e-

190 918 366 1018 ronensem
388 972 399 1007 ‚
424 946 469 994 ex
489 919 745 995 Eremitarum
778 920 816 994 S.
838 919 1032 1021 Augustini
1052 918 1178 993 Fami-

190 1039 246 1114 lia
269 1038 489 1140 Scriptorem
513 1038 758 1138 nobilifflmum
791 1039 841 1128 ἐφ
862 1038 1178 1136 candidifflmum3

190 1162 256 1262 qui
278 1176 411 1259 quauta
432 1159 479 1253 est
500 1161 539 1233 in
562 1160 734 1261 Gregorii
756 1160 881 1235 laudes
902 1158 1061 1258 effifirr,
1094 1175 1180 1233 tan-

191 1293 231 1352 ta
253 1279 372 1352 minus
383 1279 573 1376 fiuspeetus
594 1278 723 1355 baberi
744 1280 858 1356 debet.

305 1397 348 1471 Si
370 1397 460 1500 quid
479 1414 601 1472 tamen
622 1399 764 1475 interea
789 1402 908 1476 minus
930 1399 1145 1501 castigatum
1165 1453 1179 1488 ,

177 1519 221 1622 st
240 1519 330 1621 quid
349 1517 569 1594 inconditum
581 1572 592 1608 ,
615 1516 655 1612 st
675 1519 766 1620 quid
784 1521 989 1595 redundans
1012 1521 1111 1593 inter
1131 1519 1181 1594 le-

104 1737 107 1743 ,
186 1640 342 1739 gendum
364 1639 572 1736 offuderit:
609 1639 652 1712 id
678 1639 769 1729 Tu,
806 1638 952 1739 quasa,
987 1636 1181 1712 EXCEIe

192 1755 525 1832 LENTISSIME
559 1757 772 1849 COMES,
806 1759 912 1856 cujus
937 1758 1030 1858 fiunt
1061 1755 1182 1831 amnia

192 1876 417 1976 limatiffima
456 1877 506 1967 ἐφ’
527 1878 786 1977 aruatifflma,
822 1878 1038 1965 emendare,
1078 1876 1184 1950 iudu-

191 2021 304 2086 cere,
332 1997 532 2096 precidere
554 2025 620 2073 uau
637 2002 823 2101 graveris.
860 1997 965 2074 Mihi
986 1998 1081 2071 euim
1096 2015 1182 2095 pra-

186 2118 340 2218 pcfitum
360 2119 407 2214 est
427 2121 525 2196 nihil
542 2121 678 2196 omniuo
700 2120 894 2220 evulgare,
920 2115 984 2211 nist
1005 2115 1099 2218 quod
1117 2114 1185 2190 Ti-

192 2235 233 2310 bi
254 2239 407 2311 amuium
416 2240 622 2330 studiorum
636 2239 841 2338 palittffima
863 2236 1065 2313 Mecauati
1087 2237 1183 2312 omni

192 2379 240 2428 ex
254 2374 369 2455 parte
382 2356 570 2457 probetur.
596 2357 701 2433 Nam
708 2360 748 2453 st
769 2358 887 2432 veteri
905 2356 1020 2430 Poeta
1032 2338 1184 2453 julica,

192 2473 414 2575 Principibus
448 2478 611 2576 placuiffe
644 2481 728 2554 viris
761 2504 833 2552 non
858 2477 983 2550 ultima
1014 2475 1089 2547 laus
1111 2473 1182 2564 est3

193 2619 252 2693 me
270 2597 398 2694 utique
411 2596 562 2690 judice,
587 2592 675 2668 Tibi
693 2591 865 2689 placuiffe
889 2594 973 2665 laus
994 2591 1040 2682 est
1055 2593 1183 2688 prima

195 2712 247 2800 (a
257 2712 414 2809 flemma.
450 2713 625 2812 Olistpone
646 2705 868 2787 Novembris
893 2705 951 2784 die
971 2731 1029 2786 xx
1051 2762 1064 2801 ,
1089 2737 1182 2793 anua

196 2853 450 2917 MochXVm.

527 3151 592 3218 riti
608 3111 801 3230 beviattlffunus
820 3162 849 3216 υ·
864 3147 1090 3238 aljleqtreutillbmu

427 3438 641 3492 ’ΛΝωοΝιυε
672 3436 851 3492 enema
877 3409 1180 3490 elevaremus.
