2722 4118
376 354 379 358 ’
417 349 705 423 GRE'GORII
738 347 881 415 PAP'AE
912 352 973 418 v11
1107 362 1149 424 ξι

176 481 272 586 ses,
308 480 448 585 longius
479 481 560 556 inde
589 480 824 582 progrediens
849 477 1013 648 Reggnm
1041 470 1169 548 Italia

181 581 336 682 pefflmis
362 580 511 656 artibus
537 582 700 655 alienare
721 577 879 670 tentasti.
949 600 986 648 ee
1007 573 1069 648 boc
1091 597 1172 646 con·

187 695 334 770 tentus,
360 682 398 754 in
419 678 717 778 reverendifflmos
737 676 926 780 Episcopus
947 726 959 762 ,
984 672 1047 775 qui
1069 670 1171 746 nobis

186 782 288 855 velut
309 777 504 878 dnlcifflma
525 776 907 878 membraunitisunt,
928 796 1072 848 manum
1083 772 1172 845 mit·

188 893 265 953 tere
286 904 353 952 non
374 876 526 972 timuisti
537 931 549 967 ,
573 904 697 979 eosque
709 874 970 993 superbifflmis
995 872 1173 971 injuriis,

188 975 487 1078 acerbifflmisqne
517 980 741 1053 contumelias
775 973 1088 1058 contradimus,
1125 970 1176 1059 (7-

188 1074 345 1150 humana
366 1078 463 1176 jura
488 1078 558 1175 (ut
581 1076 645 1179 ipst
676 1079 812 1171 aiunt)
839 1070 1047 1170 exagitasti.
1077 1067 1176 1165 ,Qua

187 1175 306 1250 omnia
337 1187 445 1279 quum
476 1194 537 1277 ego
571 1177 731 1277 quadam
758 1172 950 1270 patientia
984 1164 1179 1266 dissimula-

187 1296 287 1359 rem,
310 1290 351 1346 tu
374 1275 465 1348 bane
487 1299 552 1345 non
568 1272 795 1370 patientiam
806 1266 1072 1368 sedignaviam
1084 1264 1175 1357 asti-

189 1391 296 1442 mans
308 1421 319 1455 ,
340 1370 502 1467 impsum
525 1384 635 1466 capnt
657 1368 840 1469 insurgere
862 1365 972 1465 ausus
994 1391 1053 1453 es,
1076 1388 1178 1436 man-

190 1465 284 1542 dans
310 1489 388 1567 qna
411 1466 502 1541 nosti
524 1519 535 1554 ,
548 1468 696 1566 scilicet
722 1469 792 1564 (ut
814 1467 894 1541 tuis
915 1461 1039 1539 verbis
1060 1464 1179 1555 utar)

191 1564 285 1666 quod
304 1581 373 1640 ant
393 1581 437 1640 tu
458 1567 674 1656 morereris,
699 1582 769 1642 aut
790 1565 881 1640 mibi
903 1562 1064 1638 animam
1080 1569 1097 1650 ’,
1122 1585 1181 1634 re-

186 1678 373 1765 gnnmqne‘
384 1666 546 1742 tolleres.
568 1664 677 1741 Hane
698 1661 1181 1741 inauditamcantumacium

191 1788 251 1864 ego
274 1789 339 1838 non
360 1763 483 1840 verbis
494 1817 505 1852 ‚
516 1764 588 1864 sed
606 1791 646 1840 re
667 1764 926 1860 confutandam
947 1761 1179 1862 dijudicans,

166 1955 169 1965 Ι
185 1865 390 1974 generalem
413 1880 621 1940 conventum
642 1867 796 1941 omnium
814 1863 935 1969 Regni
948 1862 1183 1962 primatuum

192 1961 275 2059 spsts
287 1962 714 2060 fiepplicantibusbabni.
739 1964 812 2038 Ubi
824 1986 932 2065 quum
943 1986 1007 2047 ea,
1026 1981 1105 2059 qna
1118 1958 1184 2030 ha·

192 2074 318 2132 etenus
338 2074 436 2133 metu
470 2058 519 2147 (φ
540 2062 749 2135 reverentia
772 2060 992 2134 tacebantur
1014 2109 1025 2144 ‚
1051 2057 1091 2128 in
1112 2079 1184 2126 me-

193 2155 293 2231 dinm
315 2157 468 2241 deducta
481 2157 634 2258 fuissent
658 2185 669 2250 3
694 2160 795 2233 veris
819 2153 1084 2258 adsertionibus
1104 2152 1185 2226 illa-

193 2280 294 2346 rum,
317 2284 410 2359 quas
430 2284 476 2332 ese
485 2259 639 2359 ipstsrum
651 2258 795 2333 litteris
806 2257 957 2346 audies,
972 2256 1102 2356 palam
1115 2250 1184 2345 fa·

193 2370 291 2431 stum
312 2357 380 2450 est,
408 2374 446 2431 te
467 2359 676 2434 nullatenus
701 2359 741 2434 in
761 2357 966 2460 Apostoliea
989 2355 1079 2431 Sede
1093 2351 1184 2454 poffl’

121 2530 128 2535 .
189 2455 380 2546 Wststere.
409 2457 576 2548 Quarum
588 2459 783 2612 sententiae
805 2458 898 2554 quod
906 2456 1009 2551 justa
1034 2453 1084 2536 (φ
1099 2470 1186 2544 pro.

197 2543 335 2619 babilis
357 2547 567 2616 ceram'Deo
613 2550 789 2614 ominibus
813 2571 856 2614 ue
877 2545 1099 2627 videbatur,
1125 2565 1186 2642 ego

220 2669 332 2744 noque
353 2640 580 2742 adsentiens,
602 2660 699 2714 omne
709 2636 783 2712 tibi
828 2653 964 2738 apatns
974 2638 1070 2738 jus,
1095 2639 1190 2741 quod

196 2669 328 2818 babere
348 2742 450 2843 visits
470 2766 509 2817 es
531 2794 542 2829 ‚
578 2737 793 2815 abrenuntio
816 2793 827 2829 ,
863 2754 975 2839 atque
996 2755 1041 2815 ut
1062 2767 1085 2816 a
1098 2739 1185 2840 sede

196 2841 311 2916 Urbis
333 2897 344 2932 ‚
378 2843 481 2942 cujus
496 2839 595 2915 mibi
614 2839 856 2916 Patritiatus
875 2835 955 2913 Dea
978 2837 1185 2926 tribuente,

198 2939 249 3114 gg
259 2942 396 3112 jugato
417 2940 660 3016 Romanorum
682 2939 827 3041 affirssn
853 2935 1026 3025 debetur,
1052 2936 1186 3034 descen·

247 3064 395 3113 seseo.
1175 3094 1179 3103 .

249 3137 386 3217 XXIX.
437 3136 533 3214 Alite
553 3139 680 3216 litterae
701 3138 746 3214 fic
770 3137 805 3215 se
825 3139 1024 3216 habebant:
1121 3160 1123 3163 ·
1177 3199 1180 3203 ,

200 3255 205 3267 ’
273 3238 458 3315 Heuricus
480 3264 547 3313 non
570 3241 834 3340 usurpatione,
859 3240 929 3338 sed
941 3239 1010 3338 pia
1032 3233 1111 3311 Dei
1131 3258 1187 3309 ar·

200 3335 385 3418 dirutione
406 3337 490 3417 Ren
508 3390 522 3430 ‚
556 3337 804 3418 Hildebranda
817 3341 905 3442 jam
926 3363 992 3417 nun
1012 3333 1187 3440 Apostoli·

1097 3461 1159 3523 co,
