2722 4118
625 349 731 449 (8)

301 470 374 547 Sed
406 487 449 545 ut
471 468 615 572 'aliquid
645 471 688 565 cle
710 493 788 544 mea
819 466 887 542 bae
910 467 1176 570 Deffir'tatione.

67 647 74 655 ·
181 593 307 696 paullo
330 590 541 668 dillinetins
560 591 795 692 praelibemus
818 640 830 679 ,
856 615 921 664 non
944 589 1069 665 dubito
1086 591 1176 687 sore

180 716 371 816 plerosque
393 769 404 805 ‚
429 711 938 790 EXCELLENTISSIME
966 706 1177 804 COMES,

188 836 252 937 qui
284 836 413 932 utfibi
435 836 608 912 videntur
629 834 747 908 omnia
770 831 936 932 sapere,
974 832 1033 905 ita
1056 836 1176 934 sauses-

180 972 291 1057 ptam
325 979 350 1030 a
372 981 426 1031 me
448 954 698 1028 narrationem
731 954 773 1027 de
796 951 920 1026 Gestis
943 951 1177 1054 &Scriptis

187 1075 363 1177 Gregorii
383 1074 498 1175 Papa
519 1072 599 1150 VII
618 1098 685 1149 nan
696 1074 815 1174 solnm
836 1075 1027 1162 inutilem,
1049 1099 1177 1150 veram

186 1196 302 1268 etiam
323 1196 633 1293 supervacaneam
662 1195 907 1271 arbitrentur.
945 1192 1023 1267 Hos
1045 1198 1176 1270 andire

187 1312 280 1386 mibi
302 1313 426 1386 videor
437 1313 560 1412 secum
585 1315 644 1388 ita
667 1315 979 1389 obmurmurantes
1002 1341 1011 1386 ε
1039 1314 1177 1416 Grego-

185 1432 243 1505 rii
260 1431 372 1532 Papa
394 1431 643 1508 inHenricum
665 1435 924 1532 Imperatorem
947 1451 1034 1508 acta
1057 1436 1178 1509 cuivis

188 1553 334 1630 notiora
360 1553 455 1653 ff,
492 1579 601 1656 quam
634 1571 679 1629 nt
701 1554 802 1627 novis
826 1555 1095 1628 commentariis
1115 1581 1178 1629 ex-

183 1675 325 1774 plicari
347 1674 570 1768 illustrarim
585 1676 771 1777 postulent.
805 1672 970 1768 Constare
992 1664 1176 1766 amnibus,

190 1821 215 1869 a
229 1793 405 1893 Gregorio
427 1794 625 1871 Hearieum
647 1822 712 1870 non
724 1796 786 1893 sal
782 1822 842 1871 nm
863 1796 1008 1872 cheel
1004 1795 1073 1891 sa
1088 1849 1098 1883 ‚
1110 1796 1180 1895 sed

188 1918 305 1990 etiam
328 1914 369 1988 de
392 1913 513 2015 Regno
536 1914 744 2015 expulsum:
778 1917 877 2016 absol
875 1933 956 1991 atos
966 1917 1077 2010 fidel
1061 1916 1178 1990 etatis

179 2037 412 2135 sacramento
429 2036 597 2132 subditos
619 2061 756 2112 omnes:
772 2039 919 2137 sciffie
903 2063 943 2112 cn
965 1998 1179 2112 contrarias

87 2176 91 2188 ⁴
184 2173 319 2253 partes
342 2153 603 2236 Germanarum
625 2157 675 2246 lp*
695 2158 938 2234 Romanorum
948 2158 1097 2251 studia:
1121 2160 1179 2232 in

187 2274 332 2368 testinis
355 2275 460 2350 bellis
483 2329 494 2365 ‚
520 2281 661 2354 mutuis
682 2281 776 2353 odiis
798 2280 915 2353 omnia
938 2277 1178 2378 corsslograffe,

233 2421 237 2425 ’
303 2394 379 2469 His
400 2422 462 2499 ego
484 2400 544 2474 ita
570 2399 772 2499 respondeo:
799 2398 906 2474 aliud
925 2399 986 2498 esse
1008 2399 1066 2473 rei
1076 2397 1179 2492 scem-

185 2540 289 2591 mam
310 2517 401 2591 nude
413 2519 585 2617 spectare
608 2573 619 2609 ‚
655 2521 760 2596 uliud
782 2523 823 2596 in
844 2519 1026 2594 interiora
1043 2537 1180 2616 perva-

191 2637 286 2710 dere.
311 2636 410 2709 Illud
431 2637 548 2710 doctis
569 2637 813 2738 quibuslibet,
836 2639 905 2709 imo
926 2660 1010 2708 vcro
1031 2632 1114 2730 ipsts
1136 2632 1179 2708 de

192 2755 309 2832 trivio
330 2754 530 2828 bonsinibus
546 2754 727 2854 perfacile
750 2782 759 2827 ι
798 2754 860 2829 hoe
881 2754 975 2852 fiolis
997 2753 1078 2826 illis
1100 2777 1180 2828 con-

191 2876 348 2977 eefflum,
375 2876 438 2976 qui
459 2900 526 2948 non
547 2877 706 2950 contenti
717 2877 818 2974 scire
842 2898 920 2977 que
933 2873 1178 2973 factasunt,

186 2999 349 3101 primum
370 2998 410 3072 iu
431 2998 560 3096 causas
581 3022 714 3100 quoque
736 2996 786 3086 ὼν
800 3011 1009 3098 protentus
1025 3012 1180 3094 propter
1297 3003 1299 3009 '

191 3140 273 3222 qna
286 3118 538 3215 factasunt,
575 3119 770 3222 diligenter
791 3118 983 3218 inquirunt
1007 3146 1015 3190 :
1054 3117 1178 3192 deinde

192 3241 342 3343 quinam
362 3241 442 3340 ejus
463 3267 525 3343 qm
519 3239 680 3333 seceris
701 3264 816 3316 meres
838 3239 1078 3341 &ingenium
1092 3235 1211 3357 fnea'x

193 3360 274 3437 rint
295 3377 418 3462 ,pare
411 3362 491 3462 sol
487 3362 587 3440 ertia
610 3362 830 3487 rimantur:
854 3360 1003 3477 denique
1022 3359 1114 3461 quid
1130 3382 1179 3433 ese

1083 3475 1154 3571 fa-
