2722 4118
549 282 656 385 (2)

52 396 56 403 ¹
110 409 186 484 uim
207 404 357 482 adderet
379 458 391 496 ,
429 404 479 494 dr
499 404 755 507 adprobatione
776 404 1096 484 conciliaret-nar-

109 530 211 603 ratis
230 527 356 620 fidem.
393 526 465 603 Ubi
486 530 580 604 enim
600 530 733 632 agitur
765 529 807 603 de
828 527 964 628 diffidit
996 532 1095 606 inter

110 646 358 724 Sacerdotium
386 646 437 736 (φ
457 647 651 748 Imperium
659 648 767 744 stent·
782 649 935 722 omnium
951 651 1096 750 primo,

109 765 168 840 ita
189 771 343 844 omnium
355 767 545 868 sadifflmo
569 769 618 858 &⁴
638 766 929 869 calamitcfifflmo
951 793 962 860 ;
988 794 1097 845 nonne

108 886 170 959 res¹
188 888 236 981 est
250 889 409 989 periculi
431 888 580 977 &alea
595 891 729 990 plena,
739 889 780 985 st
790 890 880 991 quid
898 890 938 964 in
955 893 1098 966 altern-

42 1094 45 1099 .
108 1019 211 1107 trum
231 1009 455 1085 Potenatem
485 1013 547 1087 nel
564 1011 708 1087 dicendo
724 1013 793 1088 oei
811 1011 996 1086 narrando
1014 1028 1099 1109 pee-

108 1129 264 1205 carim?
302 1131 403 1229 Opus
435 1134 557 1234 igitur
587 1133 634 1227 est
656 1129 803 1233 Censore
825 1127 1099 1233 prudentifflmo

110 1246 161 1335 ἐν
183 1248 479 1348 incorruptiffimo
491 1303 503 1339 ,
528 1253 592 1352 qui
612 1254 668 1327 rei
685 1253 789 1354 gesta
806 1252 980 1348 summum
995 1247 1100 1347 peni-

109 1382 174 1441 tus
196 1367 386 1466 adsecutus
407 1368 608 1466 dijudicet,
630 1371 804 1471 numquid
823 1372 885 1447 nel
898 1371 1018 1444 minus
1039 1391 1101 1441 oe·

108 1509 152 1563 re
170 1488 380 1578 traditum,
398 1489 586 1565 oelmiuus
605 1490 768 1564 decenter
780 1492 969 1588 prolatum
987 1510 1100 1563 ennu-

110 1607 198 1684 dari
219 1625 408 1707 oporteat,
435 1608 484 1697 dr
504 1610 557 1684 ad
575 1609 737 1685 incudem
757 1609 935 1683 reuocari.

223 1728 287 1802 Eoo
308 1727 469 1803 omnibns
491 1746 614 1805 autem
635 1782 647 1818 ,
684 1730 748 1831 qui
770 1727 812 1802 de
833 1727 893 1801 his
914 1727 1022 1803 rebus
1032 1726 1100 1825 sa-

111 1871 198 1924 num
217 1846 403 1948 judicium
430 1847 539 1940 ferre
565 1849 738 1948 poffimt,
785 1873 892 1924 unum
922 1846 975 1921 Te
1006 1873 1102 1950 ego,

112 1965 619 2044 EXCELLENTISSIME
646 1967 845 2069 COMES,
872 1968 1003 2043 intota
1025 1967 1103 2041 Lu-

97 2086 247 2184 sitania
269 2089 385 2178 novi,
420 2090 524 2189 cujus
534 2090 729 2189 sententia
754 2087 974 2190 acquiescere
998 2112 1101 2164 neue·

112 2206 272 2285 robuudi
306 2209 458 2285 debeant
488 2211 549 2284 vel
567 2209 632 2298 ii,
668 2234 816 2309 qnorum
841 2209 940 2308 apud
959 2223 1103 2282 exteros

112 2328 275 2404 omnimo
307 2346 342 2404 tt
363 2329 586 2404 cxiiiimatio
607 2346 720 2431 atque
737 2327 1103 2417 ›auctoritos.·3·‘6m

112 2449 208 2523 enim
240 2447 340 2522 inter
367 2449 602 2552 graoifflmas
636 2448 685 2538 (φ
709 2447 839 2541 molesti
863 2472 958 2522 omas
990 2452 1102 2523 curas

113 2584 225 2667 atque
245 2572 523 2667 occupationes,
548 2570 678 2668 quibus
701 2569 764 2639 diu
786 2580 959 2662 noctuque
979 2563 1102 2663 impli-

24 2746 28 2751 .
107 2680 235 2774 caio,
259 2683 426 2781 ammos
440 2680 750 2775 nihilominnssts
781 2704 861 2755 cum
882 2681 921 2754 in
942 2684 1103 2759 euoluen-

108 2804 176 2887 dis'
193 2802 249 2893 ²&
264 2803 529 2904 perlustrandis
546 2801 717 2903 antiquis
731 2800 995 2891 monumentis,
1020 2819 1101 2879 tum

1 2992 3 2999 ,
107 2927 160 3002 iu
172 2924 399 3028 indagandis
432 2920 758 3025 &perpendendis
776 2919 952 3014 instituta
973 2947 997 2997 u
1020 2922 1101 2999 Deo
1195 2947 1197 2953 ¹

108 3046 272 3145 duplicis
292 3044 490 3141 Potestatis
510 3042 667 3145 juribus
689 3041 817 3118 :sshinc
827 3041 920 3140 sane
927 3041 1022 3134 fieri
1042 3043 1100 3118 vi:-

111 3165 240 3241 demus
261 3167 342 3253 ,ut
363 3165 651 3267 quemadmodum
672 3164 811 3239 veteris
831 3161 1099 3252 Historia-eal,

111 3284 326 3389 'kntefflmns
345 3310 385 3364 es
406 3288 503 3383 ,itu
521 3287 587 3390 qui
618 3284 701 3371 ueri
741 3298 799 3361 tat
820 3281 1031 3385 Sacerdotii.
1049 3285 1100 3372 (φ
