2722 4118
375 362 683 436 carroonrr
716 368 860 433 rim
888 364 952 435 vn
1098 382 1143 447 α,

188 532 193 540 ·
231 490 369 571 XXVI.
419 495 517 570 Hinc
538 519 610 570 non
632 492 701 569 srne
722 492 821 569 causa
840 487 1165 567 videturHenricra

182 591 348 694 Spirensis
365 592 558 695 Episcopus
578 594 758 694 Gregorio
858 588 974 667 obatse
993 619 1001 663 ε
1023 607 1041 642 ⁶
1075 589 1166 666 Om-

182 695 245 768 nia
267 692 417 792 judicia
450 691 500 782 (φ
531 692 676 768 decreta
704 710 775 793 per
824 689 972 765 eminas
1003 690 1044 764 in
1075 689 1166 766 Sede

181 790 381 891 Apostolica
403 792 586 879 actitari,
610 790 759 894 denique
772 809 842 892 per
849 787 1026 884 feminas
1046 804 1167 864 totum

184 889 301 964 orbem
321 889 484 986 Ecclqfiae
506 890 773 967 administrari.
799 891 886 987 Quo
906 885 1039 990 spectat
1059 890 1167 964 etiam

185 1006 281 1062 vetus
303 987 366 1063 illa
376 988 574 1066 Leodiensrs
586 989 686 1067 Cleri
707 988 956 1092 expostulatio:
977 988 994 1040 t
1017 985 1061 1061 Si
1071 988 1172 1062 utri-

184 1085 1172 1284 iiiiessg'ixiit‘iiiicie'iksstriciniiiri'iue‘xfiii

180 1284 284 1379 plum
305 1285 413 1357 hu'us
435 1208 472 1358 xpi
495 1285 632 1359 ottolici
658 1304 777 1381 praece
800 1283 835 1355 ti
860 1231 1051 1382 numqua'm
1072 1280 1172 1355 inve-

187 1378 299 1454 niam.
335 1312 440 1454 tiolus
502 1379 735 1455 ildebrandus
788 1398 861 1494 apa
893 1380 1063 1456 ultimam
1093 1402 1173 1452 ma·

185 1501 271 1552 num
294 1476 424 1552 Sacris
444 1476 648 1553 Canonibus
669 1480 837 1580 impostor
861 1509 869 1553 :
897 1502 998 1578 quem
1019 1478 1052 1550 le
1075 1477 1172 1550 imus

181 1574 384 1676 pracepiffe
417 1575 604 1652 Mathildi
635 1576 824 1678 Comittffie
872 1579 911 1653 in
943 1502 1170 1676 remiffionem

178 1691 410 1772 peccatorum
419 1676 594 1775 suorum,
617 1693 662 1752 ut
672 1675 870 1753 debellaret
887 1673 1086 1752 Henricum
1096 1674 1172 1752 Im·

179 1790 400 1949 pagaei}
450 1873 625 1952 Henricus
658 1876 767 1978 igitur
788 1875 959 1978 Gregorii
990 1874 1172 1977 legatione

186 1965 226 2042 &
248 1973 437 2058 citatione,
482 1973 552 2047 uafi
572 1975 630 2050 sua
651 1976 690 2050 &
711 1977 854 2077 Imperii
875 1973 1051 2049 maiestate
1072 1997 1177 2072 pror·

188 2063 242 2141 sus
255 2068 411 2171 'indigna
432 2096 475 2144 ve
501 2091 653 2148 ementer
678 2091 906 2161 commotus,
943 2070 1176 2167 Pontificique

187 2166 236 2241 ob
259 2193 335 2243 eam
356 2168 492 2243 causam
513 2169 749 2246 infensrffimus
770 2222 782 2260 ‚
807 2193 900 2244 anno
921 2191 1067 2244 nrxxvr
1089 2191 1176 2242 con·

186 2286 337 2439 gregato
358 2268 567 2345 Wonnatiae
598 2270 827 2372 plurimorum
848 2269 978 2370 Episco
1027 2294 1103 2345 rum
1134 2265 1175 2341 &

224 2365 247 2439 b
272 2387 367 2443 atum
388 2368 543 2445 concilio
565 2422 577 2458 ,
601 2370 710 2447 multa
759 2397 778 2446 e
803 2370 856 2444 ibi
889 2373 953 2468 (ut
1004 2368 1084 2446 rism
1112 2394 1175 2444 en·

188 2461 230 2529 sis
261 2473 457 2554 memorat)
480 2469 525 2538 de
547 2469 683 2563 injuriis
711 2397 777 2542 iiii
811 2495 833 2540 a
854 2470 1034 2564 Gregorio
1067 2471 1074 2485 ’
1108 2467 1175 2534 atis

190 2553 276 2628 forti
299 2553 473 2628 &acerba
494 2562 653 2626 oratione
675 2561 901 2650 conquestus3
922 2582 1010 2628 eum·
1022 2559 1066 2630 de
1078 2581 1176 2630 com-

189 2652 285 2729 muni
307 2651 465 2728 omniurn
486 2645 630 2725 adsensu
651 2648 783 2750 Papatu
807 2650 980 2750 privavit,
1005 2651 1174 2758 fingulos·

188 2778 258 2854 que
279 2771 446 2853 praeterea
458 2774 567 2826 conce
591 2752 636 2824 tis
647 2749 886 2852 verbisjurare
908 2754 1048 2870 coegit,
1073 2782 1173 2832 num-

189 2876 294 2953 quam
320 2851 354 2926 se
375 2851 538 2950 deinceps
560 2775 774 2953 gregorium
798 2875 863 2951 pro
885 2849 1052 2929 Pontrfice
1072 2854 1173 2927 habi-

190 2969 297 3025 turos.
324 2949 432 3048 Cujus
454 2950 660 3048 privationis
683 2949 789 3026 talem
810 2949 997 3026 fonnulam
1022 2976 1064 3025 ex
1083 2954 1175 3026 anti·

127 3083 129 3088 ·
189 3049 269 3160 quis
290 3050 521 3122 monumentis
542 3047 649 3123 refert
666 3048 872 3127 Panvinius:
888 3049 996 3152 Quia
1018 3074 1100 3151 ergo
1124 3050 1175 3140 (φ

188 3145 373 3221 tntroitus
393 3162 481 3220 tuus
503 3148 625 3225 tantis
640 3152 822 3250 perjuriis
843 3150 1100 3245 estinitiatus,
1124 3151 1173 3238 ὼ*

190 3242 350 3343 Ecclesta
371 3243 449 3323 Dei
479 3261 559 3320 tam
574 3250 690 3349 gravi
714 3253 925 3351 tempestate
949 3266 1020 3350 per
1040 3246 1173 3345 abusto-

1069 3372 1148 3430 nem

192 3422 212 3521 e
230 3456 485 3531 unwelcodex
502 3479 561 3546 pag.
576 3478 641 3543 173.
699 3464 716 3523 b
734 3460 805 3524 lbid.
814 3480 878 3547 pag.
890 3480 957 3548 253·

1054 3578 1309 3870 A
