2722 4118
306 344 316 383 ·’
407 337 870 414 GREGORIIPAPAE
901 347 963 413 vlt
1097 351 1143 425 '69

181 486 392 546 cremarent.
418 469 474 545 Et
485 487 529 547 ut
539 487 660 546 cetera
683 472 723 544 in
743 495 810 545 uno
826 467 1029 582 perpendos
1040 522 1052 558 ,
1075 470 1163 547 Cor-

176 587 249 667 pus
270 567 421 644 Domini
456 594 480 642 o
503 567 735 669 Presbyteris
760 569 965 667 conjugatis
986 569 1164 668 consecra-¹

181 682 261 740 tum
279 666 376 767 sepe
389 666 542 766 pedibus
564 664 818 741 conculcabunt
840 666 930 740 laici
952 718 964 754 ,
1000 666 1049 755 br
1071 668 1165 743 Son-

177 767 325 936 puinem
345 765 499 839 Domini
519 767 724 840 voluntarie
743 762 981 862 effcmmbont.
1006 764 1098 842 Haec
1121 767 1166 843 il,

200 887 220 936 e
245 863 291 940 ad
313 888 442 938 annum
464 887 614 938 mxxv:
666 863 766 938 uibus
789 863 901 939 multo
922 864 1043 962 peiora
1065 866 1167 941 addi-

184 959 239 1034 dit
259 963 455 1046 Avcntinus
479 962 517 1037 in
539 890 736 1039 Annaiibus
770 963 889 1039 Boicis
911 960 1005 1038 libro
1028 991 1063 1040 v.
1088 991 1166 1066 cap.

185 1078 268 1136 xm.
1160 1130 1164 1137 .

155 1233 160 1242 .
258 1158 404 1235 sancho
426 1160 495 1237 fuit
519 1162 672 1256 (iterum
694 1159 836 1254 fateor)
856 1158 1050 1258 Gregorius
1069 1158 1144 1232 VII
1155 1213 1169 1250 ,

207 1258 245 1330 ui
279 1277 395 1331 tamen
428 1264 465 1330 in
487 1259 632 1354 epistula
665 1255 711 1329 ad
735 1255 993 1330 Herimannum
1023 1255 1170 1334 Meten-

75 1352 78 1357 ’
182 1281 259 1428 ilem
279 1405 291 1441 ,
313 1352 357 1427 de
379 1353 585 1427 animitate
606 1379 648 1428 ac
671 1352 846 1453 dignitate
869 1355 1025 1430 Romani
1048 1355 1171 1430 Ponti-

71 1526 73 1530 .
183 1453 260 1528 ficis
283 1476 325 1526 ea
347 1449 477 1551 scripsit
498 1503 510 1539 ,
545 1476 586 1525 ea
607 1451 788 1552 adlegavit
811 1506 823 1541 ‚
860 1479 939 1554 quae
961 1478 1033 1527 non
1055 1453 1168 1528 solum

95 1552 99 1559 '
185 1567 287 1624 tanto
304 1548 446 1649 fastigio
466 1549 635 1665 indigna,
658 1577 775 1627 verum
798 1552 904 1626 etiam
926 1552 1036 1626 cuivis
1047 1549 1173 1627 Theo-

182 1648 278 1750 logo
307 1649 365 1725 vei
386 1648 557 1725 mediocri
593 1647 730 1751 prorsus
763 1647 910 1725 absurda
942 1649 1050 1725 hodie
1074 1648 1176 1726 vide·

181 1765 309 1824 rentur.

181 1861 189 1909 ’-
245 1846 362 1922 LVII.
423 1847 633 1949 Exemplum
656 1847 811 1949 epistuiae
839 1868 944 1965 prout
966 1846 1173 1923 describitur

182 1944 381 2019 'aBrunone
403 1945 564 2034 Saxone,
589 1948 628 2020 &
649 1951 687 2021 in
703 1947 951 2025 Consiliorum
974 1943 1176 2022 Cofleitio·

184 2039 286 2116 nibus
307 2040 453 2116 habetur
464 2093 476 2130 ‚
501 2043 573 2116 tale
595 2042 653 2118 est.
687 2063 703 2094 ⁰

181 2172 204 2205 ·.
271 2137 473 2253 Gregorius
497 2139 693 2241 Episcopus
718 2139 856 2218 Servus
884 2141 1077 2217 Servorum
1098 2138 1177 2215 Dei

186 2237 315 2314 dilecto
348 2264 389 2314 rn
411 2236 555 2315 Christo
578 2239 711 2331 fratri
735 2237 790 2317 N.
824 2238 994 2416 Episcppo
1007 2239 1173 2342 sulutem

183 2338 236 2425 &¹
256 2336 497 2438 Apostolicam
518 2339 816 2418 Benedictionem
889 2367 932 2416 no
983 2341 1035 2416 ool
1048 2335 1174 2439 perfe-

182 2437 312 2542 rentios
337 2435 478 2509 labores
510 2463 554 2511 uc
570 2442 738 2549 periculo
766 2461 837 2538 pro
882 2439 1050 2533 eferfione
1074 2438 1175 2544 veri-

184 2542 287 2602 tores
312 2540 546 2696 reparatum
568 2538 810 2626 intelligimus
832 2580 852 2612 ,
871 2537 990 2605 divini
1012 2554 1174 2603 muneris

184 2622 247 2723 effe
268 2646 335 2697 non
380 2618 567 2696 ubitamus
591 2620 669 2709 (rc.
689 2620 802 2722 Quod
820 2638 944 2697 autem
960 2622 1151 2723 postuloiii
1161 2678 1175 2714 ,

183 2739 224 2798 te
245 2719 345 2822 quast
354 2719 515 2833 scriptis
526 2718 665 2817 juvari
688 2722 957 2821 acpraemuniri
978 2739 1106 2799 contra
1127 2725 1175 2799 il·

182 2822 304 2896 ·Iorum
323 2819 524 2918 insontum,
548 2820 612 2918 qui
632 2820 785 2914 nefando
807 2845 866 2895 ore
881 2822 1062 2922 garriunt
1073 2872 1087 2912 ,
1108 2847 1176 2898 au·

183 2919 400 2994 ctoritatem
422 2917 568 2992 Sancto
590 2916 695 2995 Sedis
717 2918 932 3032 Apoiiolicae
955 2944 1021 2994 non
1036 2920 1175 3018 potuis·

178 3017 223 3114 se
244 3014 379 3126 Regem
400 3013 598 3091 Henricum
620 3068 632 3104 ,
657 3017 829 3093 hominem
855 3017 1076 3093 Christiane
1101 3014 1176 3090 Re-

185 3111 336 3212 ligionis
357 3127 626 3212 contemptorem
645 3132 757 3218 atque
776 3115 1029 3192 hereticorum
1048 3131 1173 3197 aucto,

186 3235 266 3289 rem
285 3207 610 3308 &conftntuneum
630 3217 960 3303 excommunicare,
982 3238 1044 3292 nec
1058 3236 1185 3315 quem·-

184 3358 193 3369 ·
1037 3335 1153 3415 quom

187 3433 322 3500 onso
339 3434 469 3529 Fatum
487 3442 629 3524 pag-126.¹
643 3434 830 3502 Consiliorum
847 3435 1018 3511 T⁰¹¹¹⁰X11·
1036 3453 1171 3517 ing-491·
