2722 4118
410 372 696 436 eneconii
730 370 871 432 ΡΜ
903 370 966 432 vit
1107 386 1144 448 ,ς

184 514 297 571 autem
325 496 361 572 in
384 522 540 572 errorem
561 497 653 573 forte
676 495 812 569 induxit
836 493 900 570 illa
922 496 1037 582 ratio,
1062 518 1169 595 quam

182 595 218 670 in
242 594 478 698 Responsione
502 598 546 671 ad
567 595 746 697 Angelum
768 592 954 670 Fonteium
976 619 1084 694 nuper
1106 593 1171 667 do-

182 695 235 768 dit
266 694 512 770 laudatiffimus
546 723 566 771 e
590 693 820 771 Benedistino
845 692 982 770 Ordine
1008 694 1170 794 Scriptoo

180 794 376 870 Bernardus
388 795 524 871 Petzius
547 795 601 870 his
612 796 726 872 verbis
740 823 747 870 :
772 792 861 868 Cum
875 793 1076 898 Gregorius
1090 794 1126 867 V
1125 791 1176 866 II

181 919 207 968 a
219 893 305 993 suis
326 895 513 998 Theologis
528 896 742 997 persuastos,
764 896 918 969 omnium
936 896 1083 995 primus
1097 890 1172 966 Ro-

184 1015 371 1068 manorum
393 995 652 1095 imperatorem
674 995 875 1080 Henricum
897 993 963 1070 IV
980 993 1022 1067 de
1043 991 1172 1066 throno

184 1090 336 1168 deicere
359 1121 409 1168 au
424 1120 506 1168 nse
531 1111 599 1169 et:
626 1093 756 1191 callisti
773 1093 987 1194 gravifflmo
1008 1091 1171 1189 procella

213 1191 391 1293 piscopis‚
417 1196 565 1295 quattio
588 1196 741 1294 agitato
764 1186 840 1277 eii,
865 1189 948 1264 idae
969 1213 1013 1262 ex
1025 1185 1103 1262 Dei
1123 1188 1174 1260 le-

178 1312 227 1389 ge
249 1288 531 1391 Sanctornmque
554 1291 714 1364 Patrum
746 1289 913 1363 doctrina
938 1287 1052 1388 Papa
1085 1286 1172 1360 lite-

183 1402 265 1474 ret,
289 1390 438 1464 necne?
476 1387 737 1483 Adfirmabant
758 1387 828 1462 olii
840 1441 852 1477 ‚
873 1388 944 1464 alii
966 1412 1007 1462 ne
1032 1384 1174 1476 abant,

184 1483 451 1659 ilff’rebaatque
477 1488 646 1588 priorum
671 1488 864 1588 opinionem
889 1414 1046 1585 baresiin
1071 1484 1173 1559 redo-

201 1610 261 1658 ere
285 1609 316 1673 ‚··
332 1610 479 1687 eamque
503 1583 545 1660 ob
570 1612 646 1661 rem
660 1590 735 1687 siaa
757 1586 846 1681 Sede
870 1584 1087 1690 Gregorinm
1112 1607 1177 1656 ex·

185 1684 262 1783 cidi
285 1711 314 1759 e.
353 1685 461 1760 Certe
497 1685 703 1788 Egiibertus
725 1685 1020 1788 Archiepiscopus
1043 1682 1179 1758 Trevi-

185 1810 246 1858 ren
261 1809 288 1857 is
312 1785 349 1858 in
373 1811 414 1859 ea
438 1785 616 1887 epistula,
642 1811 745 1888 quam
770 1812 848 1862 cum
870 1787 951 1862 aliis
972 1808 1180 1863 monumen·-

183 1884 229 1956 tis
275 1883 320 1957 ad
350 1882 440 1959 hanc
472 1885 742 1964 controversiam
809 1886 1037 1962 ertinentibus
1072 1883 1181 1958 nobis

185 1981 403 2055 conservavit
435 1983 588 2059 e'usdem
619 1989 731 2059 notatis
803 1986 955 2061 olle6ior
986 1983 1181 2059 Udairicus

187 2009 481 2181 Babenbergeniis
505 2134 517 2170 ,
543 2102 662 2183 aperte
700 2082 837 2181 inipso
868 2083 1013 2161 exordio
1036 2082 1183 2181 profite-
1281 2140 1283 2145 .

186 2197 264 2254 tur:
290 2196 307 2233 ⁶
331 2179 446 2255 Ferre
457 2181 685 2278 sententiam
707 2198 836 2256 contro
858 2181 1094 2283 Apostolicum
1114 2202 1185 2258 nott·

187 2279 250 2381 effe
271 2298 393 2354 tutum
416 2331 428 2369 ‚
453 2281 525 2355 imo
547 2283 711 2380 insanum
746 2279 808 2383 effe
842 2281 891 2374 θ’
913 2283 1052 2357 omnino
1077 2276 1183 2370 nefa·-

184 2380 305 2455 riom:
323 2379 394 2479 sed
414 2406 494 2456 cnm
514 2379 718 2510 Gregorius
740 2384 927 2460 inauditis
949 2380 1183 2460 novitatibus

188 2479 333 2548 ttndeat
358 2527 369 2559 ‚
394 2500 567 2571 magnum·
589 2485 736 2553 Aonctae
759 2481 912 2556 Matris
935 2480 1101 2571 Ecclestae
1117 2495 1184 2575 pe·-

186 2571 347 2647 rioulom
369 2568 431 2667 effl’
454 2591 526 2640 non·
542 2572 644 2742 appr
668 2593 727 2640 ere
749 2585 878 2640 contra
903 2572 1017 2642 illum.
1043 2569 1182 2650 Eidem

597 2692 607 2739 1

187 2673 326 2748 ratione
347 2667 536 2746 Didericus
610 2693 626 2740 r
652 2661 785 2740 unenfis
809 2690 823 2752 ¹,
856 2659 977 2741 eidem
1004 2666 1183 2751 Henricue

188 2768 357 2872 Spirensis
378 2765 573 2869 Episcopus
595 2760 804 2866 protestatur
827 2767 963 2843 moveri
984 2766 1019 2843 se
1043 2821 1054 2857 ‚
1079 2763 1180 2851 utin

190 2872 265 2946 Gre
292 2870 361 2944 orii
384 2867 636 2969 depositionem
670 2864 873 2942 consentiat.
908 2863 1006 2943 Hin'c
1022 2863 1185 2943 -Gobeli-

189 2997 254 3048 nus
308 2966 428 3042 ersona
463 2969 499 3042 in
524 2966 586 3043 suo
621 2965 928 3056 Comosdromio,
963 2965 1066 3041 Parte
1089 2970 1181 3043 vot

189 3066 361 3172 Episcopi
397 3063 823 3148 omnes-Hildebrondum
837 3064 1064 3173 judicabant
1086 3082 1186 3144 tom·-

189 3196 212 3224 ··
588 3208 608 3224 «Α
863 3191 868 3229 ι
1038 3190 1149 3273 quom

188 3298 192 3306 ¹
233 3347 250 3383 o
267 3320 362 3383 codex
381 3323 534 3381 UDALRICI
561 3345 594 3397 ex
611 3318 669 3384 edi·
748 3318 914 3383 iPeiso'n‘n
929 3322 1084 3380 ‘exeditione
1105 3325 1186 3380 Mot-

190 3396 270 3464 'tione
288 3405 421 3464 Eccnttm
437 3403 529 3467 Toto.
548 3402 583 3465 11.
602 3424 665 3490 pag.
705 3403 1166 3485 noinpagaiotianoet.1⁵22:

198 3500 265 3551 170.

1150 3774 1325 3864 fl
