2722 4118
220 352 288 410 '³6
397 345 460 410 DE
486 344 691 410 -Gts‘rls
722 343 785 408 Ac
819 342 1077 411 SCRH’TIS¹

220 484 310 550 'o'rtJae'
329 468 407 546 sunt
428 497 439 563 3
475 490 563 572 quot
584 469 654 544 fine
674 465 819 546 horrore
850 469 888 545 &
909 467 1074 544 scandalo
1106 490 1204 544 com-

220 571 404 648 memorari
441 569 533 645 haud
570 569 738 672 poliunt,
774 595 960 672 reveraque
991 594 1203 645 commemo-

219 688 338 745 rantur
359 668 404 744 ab
423 670 518 745 illius
540 672 606 744 aevi
628 667 825 744 Historicis.
859 669 955 746 Nam
976 669 1062 744 odio
1084 669 1203 742 inim-

265 788 417 844 ratorem
438 770 591 843 maximo
622 766 814 868 impensum
835 769 935 843 rebus
957 766 1024 843 suis
1045 767 1203 843 favorem

290 867 395 942 thildi
418 867 612 943 Comitissae
634 894 672 941 re
696 867 825 942 endiffe
846 869 1058 969 Gregorium
1069 921 1081 957 ,
1106 868 1204 943 locu·
1338 942 1342 948 .

219 965 294 1068 ples
315 965 455 1042 Aulior
476 967 524 1041 est
544 965 645 1040 Laod
708 965 770 1040 hus
781 966 908 1042 Senior
928 993 1049 1043 eorum
1068 986 1206 1068 tempo-

220 1091 297 1140 rum
318 1065 510 1166 Scriptor,
546 1066 642 1166 cujus
712 1065 880 1143 illoriam
903 1065 1205 1238 Medioloneupem

220 1163 340 1239 Libris
377 1183 501 1240 uatuor
511 1163 793 1281 comprehensam
805 1191 914 1266 nuper
924 1164 1037 1240 edidit
1047 1167 1122 1239 cele
1149 1191 1205 1238 er-

221 1264 328 1338 rimus
399 1264 569 1339 uratorius
592 1283 683 1340 inter
707 1262 912 1365 Scriptores
932 1262 1070 1339 Rerum
1092 1262 1207 1337 Itali-

220 1385 358 1437 corum.
395 1361 455 1437 Sic
478 1365 573 1438 enim
593 1363 656 1438 ille
680 1360 802 1437 scribit
832 1363 928 1438 libro
949 1386 998 1438 1v.
1031 1387 1107 1463 cap.
1131 1361 1160 1436 Ι.
1188 1379 1213 1464 ἦ

221 1458 406 1561 Comitifflz
416 1459 647 1551 Mathildis,
672 1486 751 1536 cum
771 1463 838 1537 'om
860 1460 995 1537 duobus
1006 1458 1206 1556 fratribus

220 1561 400 1674 emortuit
408 1613 420 1650 ,
443 1587 530 1663 quos
551 1561 707 1636 Henrici
722 1487 787 1637 Il
800 1561 1041 1660 Imperatoris
1061 1558 1208 1635 collidi-

220 1673 305 1733 tate
327 1686 399 1733 orer
415 1687 454 1735 os
479 1659 649 1736 credebat
671 1713 683 1748 ‚
708 1659 881 1830 sesslam
896 1659 1129 1758 superstitem
1150 1658 1209 1734 vi-

780 1757 996 2026 rotylallos
1021 1758 1060 1829 in
1080 1757 1208 1830 Para-

221 1755 348 1843 'deret3
389 1783 430 1831 er
452 1775 533 1830 ente
554 1760 618 1857 qui
640 1760 725 1832 olim

221 1851 295 1952 diso
316 1851 393 1927 Dei
414 1775 551 1953 dirupit
572 1854 743 1929 callidior
764 1906 777 1942 ‚
811 1855 849 1953 ip
864 1877 924 1928 um
949 1876 1112 1953 quereus
1133 1853 1209 1927 Im-

213 1968 424 2053 peratorem
445 1977 551 2054 regno
566 1952 725 2054 privare
746 2005 758 2042 ‚
790 1951 833 2027 do
847 1953 883 2026 is
904 1951 1118 2052 acutiffimis
1140 1977 1208 2025 uon

153 2085 159 2101 ·
221 2051 341 2127 orrnis
361 2049 532 2127 laborans
544 2105 555 2142 ‚
580 2051 738 2152 Septimo
760 2049 907 2147 adhestt
928 2049 1115 2155 Gregorio.
1140 2049 1211 2126 At-

247 2176 290 2225 ue
323 2151 360 2224 id
383 2150 493 2253 ipsum
525 2151 696 2254 fignificat
728 2150 879 2252 ejusdem
907 2151 1022 2224 ‘aetatis
1048 2150 1209 2250 Scriptor

220 2177 1014 2422 {¹poteturerepti
1028 2247 1209 2420 uu

218 2440 416 2518 Henricum
448 2399 699 2519 rebellantibu}
730 2445 806 2520 haec
840 2442 1040 2546 rescripsisse
1065 2445 1210 2542 Grego-

220 2543 312 2618 rium
333 2543 499 2618 naditzb
536 2542 599 2616 Ne
613 2543 771 2640 solliciti
780 2543 907 2638 fitis,
944 2543 1111 2640 quoniam
1135 2544 1211 2618 cul·

215 2639 434 2741 pabiliorem
464 2666 544 2718 eum
569 2640 675 2716 reddo
707 2637 820 2717 vobis.
855 2637 906 2712 Et
925 2638 1046 2737 paullo
1079 2637 1208 2714 infra:

221 2739 316 2814 Ecce
337 2741 453 2840 inquo
474 2756 592 2816 totam
602 2737 705 2836 spem
725 2735 909 2810 Henricus
923 2734 1118 2833 posuerat,
1143 2736 1210 2811 ad-

221 2836 424 2938 verfhrium
445 2834 633 2939 sentiebat
648 2845 666 2924 '3
703 2850 825 2932 utpote
846 2831 909 2933 qui
930 2830 1082 2928 noustbi
1103 2887 1115 2924 ,
1150 2837 1214 2911 orl

212 2936 281 3036 fleo
313 2962 453 3039 reg-no,
479 2936 548 3039 sed
577 2930 736 3008 hoilibus
768 2931 951 3030 coutrase
983 2932 1208 3029 conficiebat,

223 3055 385 3138 opemque
397 3034 551 3132 ferebat
572 3084 583 3122 ,
608 3048 751 3106 utrum
771 3044 842 3107 aut
863 3031 1113 3129 expellerent,
1138 3048 1208 3110 aut

222 3136 360 3212 omnino
374 3133 579 3238 perderent.
601 3130 651 3210 Et
670 3130 747 3234 post
766 3129 876 3207 multa
896 3128 988 3207 alia:
1011 3130 1209 3326 minda

1117 3255 1185 3307 au-
1259 3306 1263 3319 ,

262 3396 281 3431 a
301 3378 694 3458 Rer.1tolir.Scripr‚T0m0
770 3377 932 3440 ppnm·
954 3392 1018 3456 pag·
1037 3379 1102 3440 m·

225 3453 434 3536 lii-oaont·
547 3459 588 3498 ·=-
680 3505 685 3512 .
754 3481 756 3485 <
